

@article{amblee2007freeware,
  title={Freeware downloads: An empirical investigation into the impact of expert and user reviews on demand for digital goods},
  author={Amblee, Naveen and Bui, Tung},
  journal={AMCIS 2007 Proceedings},
  pages={21},
  year={2007}
}

@article{brennan2006rough,
  title={The rough guide to critics: musicians discuss the role of the music press},
  author={Brennan, Matt},
  journal={Popular Music},
  volume={25},
  number={2},
  pages={221--234},
  year={2006},
  publisher={Cambridge University Press}
}

@article{eliashberg1997film,
  title={Film critics: Influencers or predictors?},
  author={Eliashberg, Jehoshua and Shugan, Steven M},
  journal={Journal of marketing},
  volume={61},
  number={2},
  pages={68--78},
  year={1997},
  publisher={SAGE Publications Sage CA: Los Angeles, CA}
}

@article{huang2009searching,
  title={Searching for experience on the web: An empirical examination of consumer behavior for search and experience goods},
  author={Huang, Peng and Lurie, Nicholas H and Mitra, Sabyasachi},
  journal={Journal of marketing},
  volume={73},
  number={2},
  pages={55--69},
  year={2009},
  publisher={SAGE Publications Sage CA: Los Angeles, CA}
}

@article{morey2008arctic,
  title={Arctic Monkeysâ€”The Demos vs. The Album.},
  author={Morey, Justin},
  journal={Journal on the Art of Record Production},
  volume={4},
  year={2008}
}

@article{reinstein2005influence,
  title={The influence of expert reviews on consumer demand for experience goods: A case study of movie critics},
  author={Reinstein, David A and Snyder, Christopher M},
  journal={The journal of industrial economics},
  volume={53},
  number={1},
  pages={27--51},
  year={2005},
  publisher={Wiley Online Library}
}

@article{sorensen2004any,
  title={Is any publicity good publicity? A note on the impact of book reviews},
  author={Sorensen, Alan T and Rasmussen, Scott J},
  journal={NBER Working Paper, Stanford University},
  year={2004}
}

@incollection{waldfogel201514,
  title={14. Digitization and the Quality of New Media Products: The Case of Music},
  author={Waldfogel, Joel},
  booktitle={Economic analysis of the digital economy},
  pages={407--442},
  year={2015},
  publisher={University of Chicago Press}
}

@article{west1998integrating,
  title={Integrating multiple opinions: The role of aspiration level on consumer response to critic consensus},
  author={West, Patricia M and Broniarczyk, Susan M},
  journal={Journal of Consumer Research},
  volume={25},
  number={1},
  pages={38--51},
  year={1998},
  publisher={The University of Chicago Press}
}